<?xml version="1.0" encoding="UTF-8"?><collection xmlns="http://www.loc.gov/MARC21/slim"><record><leader>00295nam--2200121-i-4500</leader><controlfield tag="001">000002657</controlfield><controlfield tag="002">20161230</controlfield><controlfield tag="005">20161230201025</controlfield><controlfield tag="008">060222s1000------------r-----000-0-eng-d</controlfield><datafield ind1=" " ind2=" " tag="080"><subfield code="a">061.62(430):001.891:53</subfield></datafield><datafield ind1=" " ind2=" " tag="245"><subfield code="a">Jahresbericht 1993</subfield></datafield><datafield ind1=" " ind2=" " tag="260"><subfield code="a">Munchen, Universitat, 1993. 270 P</subfield></datafield><datafield ind1=" " ind2=" " tag="852"><subfield code="a">42869</subfield></datafield></record></collection>